@article{Lednicky:82,
      author         = "Lednick\'y, R. and Lyuboshitz, V. L.",
      journal        = "Sov. J. Nucl. Phys.",
      volume         = "35",
      year           = "1982",
      pages          = "770",
      reportNumber   = "JINR-E2-81-453",
      SLACcitation   = "%%CITATION = SJNCA,35,770;%%"
}


@article{Lisa:2005dd,
      author         = "Lisa, Michael Annan and Pratt, Scott and Soltz, Ron and
                        Wiedemann, Urs",
      journal        = "Ann. Rev. Nucl. Part. Sci.",
      volume         = "55",
      year           = "2005",
      eprint         = "nucl-ex/0505014",
      archivePrefix  = "arXiv",
      primaryClass   = "nucl-ex",
      SLACcitation   = "%%CITATION = NUCL-EX/0505014;%%"
}

@article{Koonin:1977fh,
      author         = "Koonin, S. E.",
      journal        = "Phys. Lett.",
      volume         = "B70",
      year           = "1977",
      pages          = "43-47",
      SLACcitation   = "%%CITATION = PHLTA,B70,43;%%"
}

@article{Pratt:1990zq,
      author         = "Pratt, S. and Csorgo, T. and Zimanyi, J.",
      journal        = "Phys. Rev.",
      volume         = "C42",
      year           = "1990",
      pages          = "2646-2652",
      SLACcitation   = "%%CITATION = PHRVA,C42,2646;%%"
}

@article{Kisiel:2014mma,
      author         = "Kisiel, Adam and Zbroszczyk, Hanna and Szymański,
                        Maciej",
      journal        = "Phys. Rev.",
      volume         = "C89",
      year           = "2014",
      number         = "5",
      pages          = "054916",
      eprint         = "1403.0433",
      archivePrefix  = "arXiv",
      primaryClass   = "nucl-th",
      SLACcitation   = "%%CITATION = ARXIV:1403.0433;%%"
}

@article{Acharya:2018gyz,
      author         = "Acharya, Shreyasi and others",
      collaboration  = "ALICE",
      journal        = "Phys. Rev.",
      volume         = "C99",
      year           = "2019",
      number         = "2",
      pages          = "024001",
      eprint         = "1805.12455",
      archivePrefix  = "arXiv",
      primaryClass   = "nucl-ex",
      reportNumber   = "CERN-EP-2018-150",
      SLACcitation   = "%%CITATION = ARXIV:1805.12455;%%"
}


@article{Mai:2009ce,
      author         = "Mai, Maxim and Bruns, Peter C. and Kubis, Bastian and
                        Meissner, Ulf-G.",
      journal        = "Phys. Rev.",
      volume         = "D80",
      year           = "2009",
      pages          = "094006",
      eprint         = "0905.2810",
      archivePrefix  = "arXiv",
      primaryClass   = "hep-ph",
      reportNumber   = "HISKP-TH-09-12, FZJ-IKP-TH-2009-10",
      SLACcitation   = "%%CITATION = ARXIV:0905.2810;%%"
}


@article{Liu:2006xja,
      author         = "Liu, Yan-Rui and Zhu, Shi-Lin",
      journal        = "Phys. Rev.",
      volume         = "D75",
      year           = "2007",
      pages          = "034003",
      eprint         = "hep-ph/0607100",
      archivePrefix  = "arXiv",
      primaryClass   = "hep-ph",
      SLACcitation   = "%%CITATION = HEP-PH/0607100;%%"
}

@article{Kisiel:2017,
      author         = {Kisiel, A},
      journal        = {Acta Physica Polonica B},
      volume         = {48},
      year           = {2017},
      pages          = {717},
      month          = {04}
}


@article{Aamodt:2008zz,
      author         = "Aamodt, K. and others",
      collaboration  = "ALICE",
      journal        = "JINST",
      volume         = "3",
      year           = "2008",
      pages          = "S08002",
      SLACcitation   = "%%CITATION = JINST,3,S08002;%%"
}


@article{Abelev:2014ffa,
      author         = "Abelev, Betty Bezverkhny and others",
      collaboration  = "ALICE",
      journal        = "Int. J. Mod. Phys.",
      volume         = "A29",
      year           = "2014",
      pages          = "1430044",
      eprint         = "1402.4476",
      archivePrefix  = "arXiv",
      primaryClass   = "nucl-ex",
      reportNumber   = "CERN-PH-EP-2014-031",
      SLACcitation   = "%%CITATION = ARXIV:1402.4476;%%"
}


@article{2010NIMPA.622..316A,
   author = {{Alme}, J. and others},
  journal = {Nucl. Instrum. Meth. A},
archivePrefix = "arXiv",
   eprint = {1001.1950},
 primaryClass = "physics.ins-det",
     year = 2010,
   volume = 622,
    pages = {316-367},
   adsurl = {http://adsabs.harvard.edu/abs/2010NIMPA.622..316A},
  adsnote = {Provided by the SAO/NASA Astrophysics Data System}
}

@article{Akindinov:2013tea,
      author         = "Akindinov, A. and others",
      journal        = "Eur. Phys. J. Plus",
      volume         = "128",
      year           = "2013",
      pages          = "44",
      SLACcitation   = "%%CITATION = EPHJP,128,44;%%"
}


@article{PhysRevD.44.3501,
  author = {Wang, Xin-Nian and Gyulassy, Miklos},
  journal = {Phys. Rev. D},
  volume = {44},
  issue = {11},
  pages = {3501--3516},
  numpages = {0},
  year = {1991},
  month = {Dec},
  publisher = {American Physical Society},
  url = {https://link.aps.org/doi/10.1103/PhysRevD.44.3501}
}


@book{Brun:1082634,
      author        = "Brun, René and Bruyant, F and Carminati, Federico and
                       Giani, Simone and Maire, M and McPherson, A and Patrick, G
                       and Urban, L",
      publisher     = "CERN",
      address       = "Geneva",
      series        = "CERN Program Library",
      year          = "1993",
      url           = "https://cds.cern.ch/record/1082634",
      note          = "Long Writeup W5013"
}


@article{Chojnacki:2011hb,
      author         = "Chojnacki, Mikolaj and Kisiel, Adam and Florkowski,
                        Wojciech and Broniowski, Wojciech",
      journal        = "Comput. Phys. Commun.",
      volume         = "183",
      year           = "2012",
      pages          = "746-773",
      eprint         = "1102.0273",
      archivePrefix  = "arXiv",
      primaryClass   = "nucl-th",
      SLACcitation   = "%%CITATION = ARXIV:1102.0273;%%"
}

@article{Kopylov:1974th,
      author         = "Kopylov, G. I.",
      journal        = "Phys. Lett.",
      volume         = "B50",
      year           = "1974",
      pages          = "472-474",
      SLACcitation   = "%%CITATION = PHLTA,B50,472;%%"
}

@article{Abelevetal:2014dna,
      author         = "Abelev, B and others",
      collaboration  = "ALICE",
      journal        = "J. Phys.",
      volume         = "G41",
      year           = "2014",
      pages          = "087002",
      reportNumber   = "CERN-LHCC-2013-024, ALICE-TDR-017",
      SLACcitation   = "%%CITATION = JPAGA,G41,087002;%%"
}

@article{Acharya:2017qtq,
      author         = "Acharya, Shreyasi and others",
      collaboration  = "ALICE",
      journal        = "Phys. Rev.",
      volume         = "C96",
      year           = "2017",
      number         = "6",
      pages          = "064613",
      eprint         = "1709.01731",
      archivePrefix  = "arXiv",
      primaryClass   = "nucl-ex",
      reportNumber   = "CERN-EP-2017-185",
      SLACcitation   = "%%CITATION = ARXIV:1709.01731;%%"
}

