@article{Lednicky:82,
      author         = "Lednick\'y, R. and Lyuboshits, V. L.",
      title          = "{Final State Interaction Effect on Pairing Correlations
                        Between Particles with Small Relative Momenta}",
      journal        = "Sov. J. Nucl. Phys.",
      volume         = "35",
      year           = "1982",
      pages          = "770",
      note           = "[Yad. Fiz.35,1316(1981)]",
      reportNumber   = "JINR-E2-81-453",
      SLACcitation   = "%%CITATION = SJNCA,35,770;%%"
}


@article{Lisa:2005dd,
      author         = "Lisa, Michael Annan and Pratt, Scott and Soltz, Ron and
                        Wiedemann, Urs",
      title          = "{Femtoscopy in relativistic heavy ion collisions}",
      journal        = "Ann. Rev. Nucl. Part. Sci.",
      volume         = "55",
      year           = "2005",
      pages          = "357-402",
      doi            = "10.1146/annurev.nucl.55.090704.151533",
      eprint         = "nucl-ex/0505014",
      archivePrefix  = "arXiv",
      primaryClass   = "nucl-ex",
      SLACcitation   = "%%CITATION = NUCL-EX/0505014;%%"
}

@article{Lednicky:2005tb,
      author         = "Lednick\'y, Richard",
      title          = "{Finite-size effects on two-particle production in
                        continuous and discrete spectrum}",
      journal        = "Phys. Part. Nucl.",
      volume         = "40",
      year           = "2009",
      pages          = "307-352",
      doi            = "10.1134/S1063779609030034",
      eprint         = "nucl-th/0501065",
      archivePrefix  = "arXiv",
      primaryClass   = "nucl-th",
      reportNumber   = "DIRAC-2004-06",
      SLACcitation   = "%%CITATION = NUCL-TH/0501065;%%"
}

@article{Koonin:1977fh,
      author         = "Koonin, S. E.",
      title          = "{Proton Pictures of High-Energy Nuclear Collisions}",
      journal        = "Phys. Lett.",
      volume         = "B70",
      year           = "1977",
      pages          = "43-47",
      doi            = "10.1016/0370-2693(77)90340-9",
      SLACcitation   = "%%CITATION = PHLTA,B70,43;%%"
}

@article{Pratt:1990zq,
      author         = "Pratt, S. and Csorgo, T. and Zimanyi, J.",
      title          = "{Detailed predictions for two pion correlations in
                        ultrarelativistic heavy ion collisions}",
      journal        = "Phys. Rev.",
      volume         = "C42",
      year           = "1990",
      pages          = "2646-2652",
      doi            = "10.1103/PhysRevC.42.2646",
      SLACcitation   = "%%CITATION = PHRVA,C42,2646;%%"
}

@article{Adam:2015vja,
      author         = "Adam, Jaroslav and others",
      title          = "{One-dimensional pion, kaon, and proton femtoscopy in
                        Pb-Pb collisions at $\sqrt{s_{\rm {NN}}}$ =2.76 TeV}",
      collaboration  = "ALICE",
      journal        = "Phys. Rev.",
      volume         = "C92",
      year           = "2015",
      number         = "5",
      pages          = "054908",
      doi            = "10.1103/PhysRevC.92.054908",
      eprint         = "1506.07884",
      archivePrefix  = "arXiv",
      primaryClass   = "nucl-ex",
      reportNumber   = "CERN-PH-EP-2015-106",
      SLACcitation   = "%%CITATION = ARXIV:1506.07884;%%"
}


@article{Kisiel:2014mma,
      author         = "Kisiel, Adam and Zbroszczyk, Hanna and Szymański,
                        Maciej",
      title          = "{Extracting baryon-antibaryon strong interaction
                        potentials from p$\bar{\Lambda}$ femtoscopic correlation
                        functions}",
      journal        = "Phys. Rev.",
      volume         = "C89",
      year           = "2014",
      number         = "5",
      pages          = "054916",
      doi            = "10.1103/PhysRevC.89.054916",
      eprint         = "1403.0433",
      archivePrefix  = "arXiv",
      primaryClass   = "nucl-th",
      SLACcitation   = "%%CITATION = ARXIV:1403.0433;%%"
}

@thesis{Salzwedel:2241303,
      author        = "Salzwedel, Jai and Humanic, Thomas",
      title         = "{Lambda femtoscopy in $\sqrt{s_{NN}}=2.76$ TeV Pb-Pb
                       collisions at ALICE}",
      month         = "Jan",
      year          = "2017",
      reportNumber  = "CERN-THESIS-2017-002",
      url           = "http://cds.cern.ch/record/2241303",
      note          = "Presented 15 Dec 2016",
}


@article{Mai:2009ce,
      author         = "Mai, Maxim and Bruns, Peter C. and Kubis, Bastian and
                        Meissner, Ulf-G.",
      title          = "{Aspects of meson-baryon scattering in three and
                        two-flavor chiral perturbation theory}",
      journal        = "Phys. Rev.",
      volume         = "D80",
      year           = "2009",
      pages          = "094006",
      doi            = "10.1103/PhysRevD.80.094006",
      eprint         = "0905.2810",
      archivePrefix  = "arXiv",
      primaryClass   = "hep-ph",
      reportNumber   = "HISKP-TH-09-12, FZJ-IKP-TH-2009-10",
      SLACcitation   = "%%CITATION = ARXIV:0905.2810;%%"
}


@article{Liu:2006xja,
      author         = "Liu, Yan-Rui and Zhu, Shi-Lin",
      title          = "{Meson-baryon scattering lengths in HB chi PT}",
      journal        = "Phys. Rev.",
      volume         = "D75",
      year           = "2007",
      pages          = "034003",
      doi            = "10.1103/PhysRevD.75.034003",
      eprint         = "hep-ph/0607100",
      archivePrefix  = "arXiv",
      primaryClass   = "hep-ph",
      SLACcitation   = "%%CITATION = HEP-PH/0607100;%%"
}

@article{Kisiel:2017,
      author         = {Kisiel, A},
      title          = {Non-identical Particle Correlation Analysis in the Presence of Non-femtoscopic Correlations},
      journal        = {Acta Physica Polonica B},
      volume         = {48},
      year           = {2017},
      pages          = {717},
      month          = {04},
      doi            = {10.5506/APhysPolB.48.717}
}


@article{1748-0221-3-08-S08002,
  author={K Aamodt and others},
  title={The ALICE experiment at the CERN LHC},
  collaboration  = "ALICE",
  journal={JINST},
  volume={3},
  pages={S08002},
  url={http://stacks.iop.org/1748-0221/3/i=08/a=S08002},
  year={2008}
}


@article{Abelev:2014ffa,
      author         = "Abelev, Betty Bezverkhny and others",
      title          = "{Performance of the ALICE Experiment at the CERN LHC}",
      collaboration  = "ALICE",
      journal        = "Int. J. Mod. Phys.",
      volume         = "A29",
      year           = "2014",
      pages          = "1430044",
      doi            = "10.1142/S0217751X14300440",
      eprint         = "1402.4476",
      archivePrefix  = "arXiv",
      primaryClass   = "nucl-ex",
      reportNumber   = "CERN-PH-EP-2014-031",
      SLACcitation   = "%%CITATION = ARXIV:1402.4476;%%"
}


@article{Abelev:2013qoq,
      author         = "Abelev, Betty and others",
      title          = "{Centrality determination of Pb-Pb collisions at
                        $\sqrt{s_{NN}}$ = 2.76 TeV with ALICE}",
      collaboration  = "ALICE",
      journal        = "Phys. Rev.",
      volume         = "C88",
      year           = "2013",
      number         = "4",
      pages          = "044909",
      doi            = "10.1103/PhysRevC.88.044909",
      eprint         = "1301.4361",
      archivePrefix  = "arXiv",
      primaryClass   = "nucl-ex",
      reportNumber   = "CERN-PH-EP-2012-368",
      SLACcitation   = "%%CITATION = ARXIV:1301.4361;%%"
}


@article{2010NIMPA.622..316A,
   author = {{Alme}, J. and others},
    title = "{The ALICE TPC, a large 3-dimensional tracking device with fast readout for ultra-high multiplicity events}",
  journal = {Nucl. Instrum. Meth. A},
archivePrefix = "arXiv",
   eprint = {1001.1950},
 primaryClass = "physics.ins-det",
     year = 2010,
   volume = 622,
    pages = {316-367},
      doi = {10.1016/j.nima.2010.04.042},
   adsurl = {http://adsabs.harvard.edu/abs/2010NIMPA.622..316A},
  adsnote = {Provided by the SAO/NASA Astrophysics Data System}
}

@book{Dellacasa:451098,
      author        = "Dellacasa, G and others",
      title         = "{ALICE time projection chamber: Technical Design Report}",
      publisher     = "CERN",
      collaboration = "ALICE",
      address       = "Geneva",
      series        = "Technical Design Report ALICE",
      year          = "2000",
      reportNumber  = "CERN-OPEN-2000-183",
      url           = "http://cds.cern.ch/record/451098",
}

@article{Akindinov:2013tea,
      author         = "Akindinov, A. and others",
      title          = "{Performance of the ALICE Time-Of-Flight detector at the
                        LHC}",
      journal        = "Eur. Phys. J. Plus",
      volume         = "128",
      year           = "2013",
      pages          = "44",
      doi            = "10.1140/epjp/i2013-13044-x",
      SLACcitation   = "%%CITATION = EPHJP,128,44;%%"
}

@book{Cortese:545834,
      author        = "Cortese, P",
      title         = "{ALICE Time-Of Flight system (TOF): addendum to the
                       Technical Design Report}",
      publisher     = "CERN",
      collaboration = "ALICE Collaboration",
      address       = "Geneva",
      series        = "Technical Design Report ALICE",
      year          = "2002",
      url           = "http://cds.cern.ch/record/545834",
}

@article{PhysRevD.44.3501,
  title = "{HIJING: A Monte Carlo model for multiple jet production in $\mathrm{pp}$, $\mathrm{pA}$, and $\mathrm{AA}$ collisions}",
  author = {Wang, Xin-Nian and Gyulassy, Miklos},
  journal = {Phys. Rev. D},
  volume = {44},
  issue = {11},
  pages = {3501--3516},
  numpages = {0},
  year = {1991},
  month = {Dec},
  publisher = {American Physical Society},
  doi = {10.1103/PhysRevD.44.3501},
  url = {https://link.aps.org/doi/10.1103/PhysRevD.44.3501}
}


@article{Brun:1994aa,
      author         = "Brun, René and Bruyant, F. and Carminati, Federico and
                        Giani, Simone and Maire, M. and McPherson, A. and Patrick,
                        G. and Urban, L.",
      title          = "{GEANT Detector Description and Simulation Tool}",
      doi            = "10.17181/CERN.MUHF.DMJ1",
      year           = "1994",
      reportNumber   = "CERN-W5013, CERN-W-5013, W5013, W-5013",
      SLACcitation   = "%%CITATION = CERN-W5013;%%"
}


@article{Chojnacki:2011hb,
      author         = "Chojnacki, Mikolaj and Kisiel, Adam and Florkowski,
                        Wojciech and Broniowski, Wojciech",
      title          = "{THERMINATOR 2: THERMal heavy IoN generATOR 2}",
      journal        = "Comput. Phys. Commun.",
      volume         = "183",
      year           = "2012",
      pages          = "746-773",
      doi            = "10.1016/j.cpc.2011.11.018",
      eprint         = "1102.0273",
      archivePrefix  = "arXiv",
      primaryClass   = "nucl-th",
      SLACcitation   = "%%CITATION = ARXIV:1102.0273;%%"
}


@article{Patrignani:2016xqp,
      author         = "Patrignani, C. and others",
      title          = "{Review of Particle Physics}",
      collaboration  = "Particle Data Group",
      journal        = "Chin. Phys.",
      volume         = "C40",
      year           = "2016",
      number         = "10",
      pages          = "100001",
      doi            = "10.1088/1674-1137/40/10/100001",
      SLACcitation   = "%%CITATION = CHPHD,C40,100001;%%"
}


@article{Akkelin:1995gh,
      author         = "Akkelin, S. V. and Sinyukov, {\relax Yu}. M.",
      title          = "{The HBT interferometry of expanding sources}",
      journal        = "Phys. Lett.",
      volume         = "B356",
      year           = "1995",
      pages          = "525-530",
      doi            = "10.1016/0370-2693(95)00765-D",
      SLACcitation   = "%%CITATION = PHLTA,B356,525;%%"
}


@article{Kisiel:2014upa,
      author         = "Kisiel, Adam and Gałażyn, Mateusz and Bożek, Piotr",
      title          = "{Pion, kaon, and proton femtoscopy in Pb--Pb collisions
                        at $\sqrt{s_{\rm NN}}$=2.76 TeV modeled in (3+1)D
                        hydrodynamics}",
      journal        = "Phys. Rev.",
      volume         = "C90",
      year           = "2014",
      number         = "6",
      pages          = "064914",
      doi            = "10.1103/PhysRevC.90.064914",
      eprint         = "1409.4571",
      archivePrefix  = "arXiv",
      primaryClass   = "nucl-th",
      SLACcitation   = "%%CITATION = ARXIV:1409.4571;%%"
}

@article{Stavinskiy04,
      author         = "Stavinskiy, A.V. and others",
      title          = "{Some new aspects of femtoscopy at high energy}",
      journal        = "Nukleonika",
      volume         = "49 (Supplement 2)",
      year           = "2004",
      pages          = "S23"
}

@article{Kopylov:1974th,
      author         = "Kopylov, G. I.",
      title          = "{Like particle correlations as a tool to study the
                        multiple production mechanism}",
      journal        = "Phys. Lett.",
      volume         = "B50",
      year           = "1974",
      pages          = "472-474",
      doi            = "10.1016/0370-2693(74)90263-9",
      note           = "[,39(1974)]",
      SLACcitation   = "%%CITATION = PHLTA,B50,472;%%"
}

@article{Retiere:2003kf,
      author         = "Retiere, Fabrice and Lisa, Michael Annan",
      title          = "{Observable implications of geometrical and dynamical
                        aspects of freeze out in heavy ion collisions}",
      journal        = "Phys. Rev.",
      volume         = "C70",
      year           = "2004",
      pages          = "044907",
      doi            = "10.1103/PhysRevC.70.044907",
      eprint         = "nucl-th/0312024",
      archivePrefix  = "arXiv",
      primaryClass   = "nucl-th",
      SLACcitation   = "%%CITATION = NUCL-TH/0312024;%%"
}

@article{0954-3899-41-8-087002,
  author={B Abelev et al  and The ALICE Collaboration},
  title={{Technical Design Report for the Upgrade of the ALICE Inner Tracking System}},
  journal={Journal of Physics G: Nuclear and Particle Physics},
  volume={41},
  number={8},
  pages={087002},
  url={http://stacks.iop.org/0954-3899/41/i=8/a=087002},
  year={2014}
}


