@article{Lisa:2005dd,
      author         = "Lisa, Michael Annan and Pratt, Scott and Soltz, Ron and
                        Wiedemann, Urs",
      title          = "{Femtoscopy in relativistic heavy ion collisions}",
      journal        = "Ann. Rev. Nucl. Part. Sci.",
      volume         = "55",
      year           = "2005",
      pages          = "357-402",
      doi            = "10.1146/annurev.nucl.55.090704.151533",
      eprint         = "nucl-ex/0505014",
      archivePrefix  = "arXiv",
      primaryClass   = "nucl-ex",
      SLACcitation   = "%%CITATION = NUCL-EX/0505014;%%"
}

