@article{Lednicky:82,
      author         = "Lednick\'y, R. and Lyuboshitz, V. L.",
      title          = "{Final State Interaction Effect on Pairing Correlations
                        Between Particles with Small Relative Momenta}",
      journal        = "Sov. J. Nucl. Phys.",
      volume         = "35",
      year           = "1982",
      pages          = "770",
      note           = "[Yad. Fiz.35,1316(1981)]",
      reportNumber   = "JINR-E2-81-453",
      SLACcitation   = "%%CITATION = SJNCA,35,770;%%"
}


@article{Lisa:2005dd,
      author         = "Lisa, Michael Annan and Pratt, Scott and Soltz, Ron and
                        Wiedemann, Urs",
      title          = "{Femtoscopy in relativistic heavy ion collisions}",
      journal        = "Ann. Rev. Nucl. Part. Sci.",
      volume         = "55",
      year           = "2005",
      pages          = "357-402",
      doi            = "10.1146/annurev.nucl.55.090704.151533",
      eprint         = "nucl-ex/0505014",
      archivePrefix  = "arXiv",
      primaryClass   = "nucl-ex",
      SLACcitation   = "%%CITATION = NUCL-EX/0505014;%%"
}

@article{Koonin:1977fh,
      author         = "Koonin, S. E.",
      title          = "{Proton Pictures of High-Energy Nuclear Collisions}",
      journal        = "Phys. Lett.",
      volume         = "B70",
      year           = "1977",
      pages          = "43-47",
      doi            = "10.1016/0370-2693(77)90340-9",
      SLACcitation   = "%%CITATION = PHLTA,B70,43;%%"
}

@article{Pratt:1990zq,
      author         = "Pratt, S. and Csorgo, T. and Zimanyi, J.",
      title          = "{Detailed predictions for two pion correlations in
                        ultrarelativistic heavy ion collisions}",
      journal        = "Phys. Rev.",
      volume         = "C42",
      year           = "1990",
      pages          = "2646-2652",
      doi            = "10.1103/PhysRevC.42.2646",
      SLACcitation   = "%%CITATION = PHRVA,C42,2646;%%"
}

@article{Kisiel:2014mma,
      author         = "Kisiel, Adam and Zbroszczyk, Hanna and Szymański,
                        Maciej",
      title          = "{Extracting baryon-antibaryon strong interaction
                        potentials from p$\bar{\Lambda}$ femtoscopic correlation
                        functions}",
      journal        = "Phys. Rev.",
      volume         = "C89",
      year           = "2014",
      number         = "5",
      pages          = "054916",
      doi            = "10.1103/PhysRevC.89.054916",
      eprint         = "1403.0433",
      archivePrefix  = "arXiv",
      primaryClass   = "nucl-th",
      SLACcitation   = "%%CITATION = ARXIV:1403.0433;%%"
}

@article{Acharya:2018gyz,
      author         = "Acharya, Shreyasi and others",
      title          = "{p-p, p-$\Lambda$ and $\Lambda$-$\Lambda$ correlations
                        studied via femtoscopy in pp reactions at $\sqrt{s}$ = 7
                        TeV}",
      collaboration  = "ALICE",
      journal        = "Phys. Rev.",
      volume         = "C99",
      year           = "2019",
      number         = "2",
      pages          = "024001",
      doi            = "10.1103/PhysRevC.99.024001",
      eprint         = "1805.12455",
      archivePrefix  = "arXiv",
      primaryClass   = "nucl-ex",
      reportNumber   = "CERN-EP-2018-150",
      SLACcitation   = "%%CITATION = ARXIV:1805.12455;%%"
}


@article{Mai:2009ce,
      author         = "Mai, Maxim and Bruns, Peter C. and Kubis, Bastian and
                        Meissner, Ulf-G.",
      title          = "{Aspects of meson-baryon scattering in three and
                        two-flavor chiral perturbation theory}",
      journal        = "Phys. Rev.",
      volume         = "D80",
      year           = "2009",
      pages          = "094006",
      doi            = "10.1103/PhysRevD.80.094006",
      eprint         = "0905.2810",
      archivePrefix  = "arXiv",
      primaryClass   = "hep-ph",
      reportNumber   = "HISKP-TH-09-12, FZJ-IKP-TH-2009-10",
      SLACcitation   = "%%CITATION = ARXIV:0905.2810;%%"
}


@article{Liu:2006xja,
      author         = "Liu, Yan-Rui and Zhu, Shi-Lin",
      title          = "{Meson-baryon scattering lengths in HB$\chi$PT}",
      journal        = "Phys. Rev.",
      volume         = "D75",
      year           = "2007",
      pages          = "034003",
      doi            = "10.1103/PhysRevD.75.034003",
      eprint         = "hep-ph/0607100",
      archivePrefix  = "arXiv",
      primaryClass   = "hep-ph",
      SLACcitation   = "%%CITATION = HEP-PH/0607100;%%"
}

@article{Kisiel:2017,
      author         = {Kisiel, A},
      title          = {Non-identical Particle Correlation Analysis in the Presence of Non-femtoscopic Correlations},
      journal        = {Acta Physica Polonica B},
      volume         = {48},
      year           = {2017},
      pages          = {717},
      month          = {04},
      doi            = {10.5506/APhysPolB.48.717}
}


@article{Aamodt:2008zz,
      author         = "Aamodt, K. and others",
      title          = "{The ALICE experiment at the CERN LHC}",
      collaboration  = "ALICE",
      journal        = "JINST",
      volume         = "3",
      year           = "2008",
      pages          = "S08002",
      doi            = "10.1088/1748-0221/3/08/S08002",
      SLACcitation   = "%%CITATION = JINST,3,S08002;%%"
}


@article{Abelev:2014ffa,
      author         = "Abelev, Betty Bezverkhny and others",
      title          = "{Performance of the ALICE Experiment at the CERN LHC}",
      collaboration  = "ALICE",
      journal        = "Int. J. Mod. Phys.",
      volume         = "A29",
      year           = "2014",
      pages          = "1430044",
      doi            = "10.1142/S0217751X14300440",
      eprint         = "1402.4476",
      archivePrefix  = "arXiv",
      primaryClass   = "nucl-ex",
      reportNumber   = "CERN-PH-EP-2014-031",
      SLACcitation   = "%%CITATION = ARXIV:1402.4476;%%"
}


@article{2010NIMPA.622..316A,
   author = {{Alme}, J. and others},
    title = "{The ALICE TPC, a large 3-dimensional tracking device with fast readout for ultra-high multiplicity events}",
  journal = {Nucl. Instrum. Meth. A},
archivePrefix = "arXiv",
   eprint = {1001.1950},
 primaryClass = "physics.ins-det",
     year = 2010,
   volume = 622,
    pages = {316-367},
      doi = {10.1016/j.nima.2010.04.042},
   adsurl = {http://adsabs.harvard.edu/abs/2010NIMPA.622..316A},
  adsnote = {Provided by the SAO/NASA Astrophysics Data System}
}

@article{Akindinov:2013tea,
      author         = "Akindinov, A. and others",
      title          = "{Performance of the ALICE Time-Of-Flight detector at the
                        LHC}",
      journal        = "Eur. Phys. J. Plus",
      volume         = "128",
      year           = "2013",
      pages          = "44",
      doi            = "10.1140/epjp/i2013-13044-x",
      SLACcitation   = "%%CITATION = EPHJP,128,44;%%"
}


@article{PhysRevD.44.3501,
  title = "{HIJING: A Monte Carlo model for multiple jet production in $\mathrm{pp}$, $\mathrm{pA}$, and $\mathrm{AA}$ collisions}",
  author = {Wang, Xin-Nian and Gyulassy, Miklos},
  journal = {Phys. Rev. D},
  volume = {44},
  issue = {11},
  pages = {3501--3516},
  numpages = {0},
  year = {1991},
  month = {Dec},
  publisher = {American Physical Society},
  doi = {10.1103/PhysRevD.44.3501},
  url = {https://link.aps.org/doi/10.1103/PhysRevD.44.3501}
}


@book{Brun:1082634,
      author        = "Brun, René and Bruyant, F and Carminati, Federico and
                       Giani, Simone and Maire, M and McPherson, A and Patrick, G
                       and Urban, L",
      title         = "{GEANT: Detector Description and Simulation Tool; Oct
                       1994}",
      publisher     = "CERN",
      address       = "Geneva",
      series        = "CERN Program Library",
      year          = "1993",
      url           = "https://cds.cern.ch/record/1082634",
      note          = "Long Writeup W5013",
      doi           = "10.17181/CERN.MUHF.DMJ1",
}


@article{Chojnacki:2011hb,
      author         = "Chojnacki, Mikolaj and Kisiel, Adam and Florkowski,
                        Wojciech and Broniowski, Wojciech",
      title          = "{THERMINATOR 2: THERMal heavy IoN generATOR 2}",
      journal        = "Comput. Phys. Commun.",
      volume         = "183",
      year           = "2012",
      pages          = "746-773",
      doi            = "10.1016/j.cpc.2011.11.018",
      eprint         = "1102.0273",
      archivePrefix  = "arXiv",
      primaryClass   = "nucl-th",
      SLACcitation   = "%%CITATION = ARXIV:1102.0273;%%"
}

@article{Kopylov:1974th,
      author         = "Kopylov, G. I.",
      title          = "{Like particle correlations as a tool to study the
                        multiple production mechanism}",
      journal        = "Phys. Lett.",
      volume         = "B50",
      year           = "1974",
      pages          = "472-474",
      doi            = "10.1016/0370-2693(74)90263-9",
      SLACcitation   = "%%CITATION = PHLTA,B50,472;%%"
}

@article{Abelevetal:2014dna,
      author         = "Abelev, B and others",
      title          = "{Technical Design Report for the Upgrade of the ALICE
                        Inner Tracking System}",
      collaboration  = "ALICE",
      journal        = "J. Phys.",
      volume         = "G41",
      year           = "2014",
      pages          = "087002",
      doi            = "10.1088/0954-3899/41/8/087002",
      reportNumber   = "CERN-LHCC-2013-024, ALICE-TDR-017",
      SLACcitation   = "%%CITATION = JPAGA,G41,087002;%%"
}

@article{Acharya:2017qtq,
      author         = "Acharya, Shreyasi and others",
      title          = "{Kaon femtoscopy in Pb-Pb collisions at
                        $\sqrt{s_{\rm{NN}}}$ = 2.76 TeV}",
      collaboration  = "ALICE",
      journal        = "Phys. Rev.",
      volume         = "C96",
      year           = "2017",
      number         = "6",
      pages          = "064613",
      doi            = "10.1103/PhysRevC.96.064613",
      eprint         = "1709.01731",
      archivePrefix  = "arXiv",
      primaryClass   = "nucl-ex",
      reportNumber   = "CERN-EP-2017-185",
      SLACcitation   = "%%CITATION = ARXIV:1709.01731;%%"
}

